<record><leader>00000cas a2200000 a 4500</leader><controlfield tag="001">9227856</controlfield><controlfield tag="008">830216d18491883mauwr ne      0    0eng c</controlfield><datafield ind1=" " ind2=" " tag="010"><subfield code="a">sn 83020015 </subfield></datafield><datafield ind1=" " ind2=" " tag="040"><subfield code="a">NPX</subfield><subfield code="b">eng</subfield><subfield code="c">NPX</subfield><subfield code="d">NPU</subfield><subfield code="d">DLC</subfield><subfield code="d">MGN</subfield><subfield code="d">DLC</subfield><subfield code="d">OCLCQ</subfield><subfield code="d">OCLCF</subfield><subfield code="d">OCLCA</subfield></datafield><datafield ind1="1" ind2=" " tag="029"><subfield code="a">AU@</subfield><subfield code="b">000020395877</subfield></datafield><datafield ind1=" " ind2=" " tag="042"><subfield code="a">pcc</subfield></datafield><datafield ind1=" " ind2=" " tag="043"><subfield code="a">n-us-ma</subfield></datafield><datafield ind1="0" ind2="0" tag="050"><subfield code="a">Newspaper</subfield></datafield><datafield ind1="0" ind2=" " tag="130"><subfield code="a">Villager (Amesbury, Mass.)</subfield></datafield><datafield ind1="1" ind2="0" tag="245"><subfield code="a">Villager.</subfield></datafield><datafield ind1=" " ind2=" " tag="260"><subfield code="a">Amesbury, Mass. :</subfield><subfield code="b">D.F. Morrill</subfield></datafield><datafield ind1=" " ind2=" " tag="300"><subfield code="a">v.</subfield></datafield><datafield ind1=" " ind2=" " tag="310"><subfield code="a">Weekly</subfield></datafield><datafield ind1="0" ind2=" " tag="362"><subfield code="a">Vol. 1, no. 1 (Apr. 12, 1849)-v. 35, no. 25 (June 21, 1883).</subfield></datafield><datafield ind1=" " ind2=" " tag="500"><subfield code="a">Published simultaneously in Salisbury Mills, Mass.</subfield></datafield><datafield ind1=" " ind2="0" tag="651"><subfield code="a">Amesbury (Mass.)</subfield><subfield code="v">Newspapers.</subfield></datafield><datafield ind1=" " ind2="7" tag="655"><subfield code="a">Newspapers.</subfield><subfield code="2">fast</subfield><subfield code="0">(OCoLC)fst01423814</subfield></datafield><datafield ind1=" " ind2="7" tag="651"><subfield code="a">Massachusetts</subfield><subfield code="z">Amesbury.</subfield><subfield code="2">fast</subfield><subfield code="0">(OCoLC)fst01218964</subfield></datafield><datafield ind1=" " ind2=" " tag="752"><subfield code="a">United States</subfield><subfield code="b">Massachusetts</subfield><subfield code="c">Essex</subfield><subfield code="d">Amesbury.</subfield></datafield><datafield ind1="0" ind2="0" tag="780"><subfield code="t">Essex transcript</subfield><subfield code="w">(DLC)sn 83020014</subfield><subfield code="w">(OCoLC)9227798</subfield></datafield><datafield ind1="0" ind2="0" tag="785"><subfield code="t">Amesbury and Salisbury villager</subfield><subfield code="w">(DLC)sn 89062005</subfield><subfield code="w">(OCoLC)19365800</subfield></datafield></record>